% This file was created with JabRef 2.5.
% Encoding: UTF-8

@MISC{Bogner2009,
  author = {Simon Bogner},
  title = {Simulation of Floating Objects in Free-Surface Flows},
  year = {2009},
  note = {Diplomarbeit},
  file = {:LatticeBoltzmann/multiphase/Bogner_DA09.pdf:PDF},
  owner = {philipp},
  timestamp = {2012.09.06}
}

@BOOK{Bronstein2006,
  title = {Taschenbuch der Mathematik},
  publisher = {Verlag Harri Deutsch},
  year = {2006},
  author = {I. N. Bronstein and K. A. Semendjajew and G. Musiol and H. M{\"u}hlig},
  edition = {6},
  owner = {philipp},
  timestamp = {2012.11.05}
}

@BOOK{Bulka1999,
  title = {Efficient C++ Performance Programming Techniques},
  publisher = {Addison Wesley},
  year = {1999},
  author = {Dov Bulka and David Mayhew},
  file = {:unsortiert/Addison Wesley - Efficient C++ Programming Techniques.pdf:PDF},
  owner = {philipp},
  timestamp = {2012.09.04}
}

@BOOK{Clift2005,
  title = {Bubbles, Drops and Particles},
  publisher = {Dover Publications, Inc},
  year = {2005},
  author = {Roland Clift and John Grace and Martin E. Weber},
  owner = {philipp},
  timestamp = {2013.04.18}
}

@BOOK{Guo2013,
  title = {Lattice Boltzmann Method and its Applications in Engineering},
  publisher = {World Scientific},
  year = {2013},
  author = {Zhaoli Guo and Chang Shu},
  owner = {prusch},
  timestamp = {2013.12.13}
}

@BOOK{Hoffmann2008,
  title = {OpenMP -- Eine Einführung in die parallele Programmierung mit C/C++},
  publisher = {Springer Berlin},
  year = {2008},
  editor = {O. Günther and R. Lienhart and W. Karl and K. Zeppenfeld},
  author = {Simon Hoffmann and Rainer Lienhart},
  file = {:Manuals/OpenMP/front-matter.pdf:PDF},
  owner = {philipp},
  timestamp = {2012.09.04}
}

@PHDTHESIS{Holzer2007,
  author = {Andreas H{\"o}lzer},
  title = {Bestimmung des Widerstandes, Auftriebs und Drehmoments und Simulation
	der Bewegung nichtsphärischer Partikel in laminaren und turbulenten
	Strömungen mit dem Lattice-Boltzmann-Verfahren},
  school = {Zentrum für Ingenieurwissenschaften -- Martin-Luther-Universität
	Halle-Wittenberg},
  year = {2007},
  file = {:LatticeBoltzmann/multiphase/hoelzer_diss.pdf:PDF},
  owner = {philipp},
  timestamp = {2012.09.21}
}

@BOOK{Jungnickel2008,
  title = {Optimierungsmethoden -- Eine Einführung},
  publisher = {Springer Berlin},
  year = {2008},
  author = {Dieter Jungnickel},
  edition = {2},
  owner = {philipp},
  timestamp = {2012.09.21}
}

@BOOK{Meyers2011,
  title = {Effektiv C++ programmieren -- 55 M{\"o}glichkeiten, Ihre Programme
	und Entw{\"u}rfe zu verbessern},
  publisher = {Addison Wesley},
  year = {2011},
  author = {Scott Meyers},
  edition = {3},
  owner = {philipp},
  timestamp = {2012.09.04}
}

@BOOK{Mohamed2011,
  title = {Lattice Boltzmann Method -- Fundamentals and Engineering Applications
	with Computer Codes},
  publisher = {Springer London},
  year = {2011},
  author = {A. A. Mohamed},
  edition = {1},
  file = {:LatticeBoltzmann/basic/buecher/Mohamed_Lattice Boltzmann Method/front-matter.pdf:PDF},
  owner = {philipp},
  timestamp = {2012.09.04}
}

@PHDTHESIS{Pohl2008,
  author = {Thomas Pohl},
  title = {High Performance Simulation of Free Surface Flows Using the Lattice
	Boltzmann Method},
  school = {Technische Fakult{\"a}t der Universit{\"a}t Erlangen-N{\"u}rnberg},
  year = {2008},
  file = {:LatticeBoltzmann/multiphase/Diss_Pohl_2008.pdf:PDF},
  owner = {philipp},
  timestamp = {2012.09.05}
}

@BOOK{Succi2001,
  title = {The Lattice Boltzmann Equation: For Fluid Dynamics and Beyond},
  publisher = {Oxford University Press},
  year = {2001},
  author = {Sauro Succi},
  owner = {philipp},
  timestamp = {2013.07.01}
}

@BOOK{Sukop2007,
  title = {Lattice Boltzmann Modeling -- An Introduction for Geoscientists and
	Engineers},
  publisher = {Springer Berlin},
  year = {2007},
  author = {Michael C. Sukop and Thorne, Jr., Daniel T.},
  edition = {2},
  file = {:LatticeBoltzmann/basic/buecher/Sukop M.C., Thorne D.T. Lattice Boltzmann modeling (2pr., Springer, 2007)(ISBN 3540279814)(177s)_MNs_.pdf:PDF},
  owner = {philipp},
  timestamp = {2012.09.04}
}

@PHDTHESIS{Thurey2007,
  author = {Nils Th{\"u}rey},
  title = {Physically based Animation of Free Surface Flows with the Lattice
	Boltzmann Method},
  school = {Technische Fakult{\"a}t der Universit{\"a}t Erlangen-N{\"u}rnberg},
  year = {2007},
  file = {:LatticeBoltzmann/multiphase/NilsThuereyDissertation.pdf:PDF},
  owner = {philipp},
  timestamp = {2012.10.09}
}

@PHDTHESIS{Yang2007,
  author = {Zhaoxia Yang},
  title = {Analysis of Lattice Boltzmann Boundary Conditions},
  school = {Mathematisch-Naturwissenschaftliche Sektion, Universität Konstanz},
  year = {2007},
  file = {:LatticeBoltzmann/basic/zhaoxiayang_dissertation.pdf:PDF},
  owner = {philipp},
  timestamp = {2013.01.25}
}

@comment{jabref-meta: selector_publisher:}

@comment{jabref-meta: selector_author:}

@comment{jabref-meta: selector_journal:}

@comment{jabref-meta: selector_keywords:}

