% This file was created with JabRef 2.7b.
% Encoding: UTF-8

@ARTICLE{2001,
  author = {Dominique d'Humi{\`e}res and M'hamed Bouzidi and Pierre Lallemand},
  title = {Thirteen-velocity three-dimensional lattice Boltzmann model},
  journal = {Physical Review E},
  year = {2001},
  volume = {63},
  pages = {066702},
  file = {:LatticeBoltzmann/basic/Humieris_2001.pdf:PDF},
  owner = {philipp},
  timestamp = {2013.01.25}
}

@ARTICLE{2002,
  author = {Dominique d'Humi{\`e}res and Irina Ginzburg and Manfred Krafczyk
	and Pierre Lallemand and Li-Shi Luo},
  title = {Multiple-relaxations-time lattice Boltzmann models in three dimensions},
  journal = {Philosophical Transactions of the Royal Society A},
  year = {2002},
  volume = {360},
  pages = {437-451},
  file = {:LatticeBoltzmann/basic/Humieres_2002.pdf:PDF},
  owner = {philipp},
  timestamp = {2012.09.06}
}

@ARTICLE{Adhikari2008,
  author = {Adhikari, R. and Succi, S.},
  title = {Duality in matrix lattice Boltzmann models},
  journal = {Physical Review E},
  year = {2008},
  volume = {78},
  pages = {066701},
  file = {:LatticeBoltzmann/basic/Adhikari_2007.pdf:PDF},
  owner = {philipp},
  timestamp = {2013.01.22}
}

@ARTICLE{Agarwal2005,
  author = {Saurabh Agarwal and Nishith Verma and Dieter Mewes},
  title = {A lattice Boltzmann model for adsorption breakthrough},
  journal = {Heat Mass Transfer},
  year = {2005},
  volume = {41},
  pages = {843 - 854},
  file = {:LatticeBoltzmann/multiphase/Argawal_2005.pdf:PDF},
  owner = {philipp},
  timestamp = {2012.09.10}
}

@ARTICLE{Aidun2010,
  author = {Cyrus K. Aidun and Jonathan R. Clausen},
  title = {Lattice-Boltzmann Method for Complex Flows},
  journal = {Annual Review of Fluid Mechanics},
  year = {2010},
  volume = {42},
  pages = {439 - 472},
  file = {:LatticeBoltzmann/basic/Aidun_2010.pdf:PDF},
  owner = {philipp},
  timestamp = {2012.09.11}
}

@MISC{Alexander1993a,
  author = {F. J. Alexander and S. Chen and D. W. Grunau},
  title = {Hydrodynamic Spinodal Decomposition: Growth Kinetics and Scaling
	Functions},
  year = {1993},
  file = {:LatticeBoltzmann/implementation/Alexander_93_hydrodynamic_spinodal_decomposition.pdf:PDF},
  owner = {philipp},
  timestamp = {2012.09.04}
}

@ARTICLE{Alexander1993,
  author = {F. J. Alexander and S. Chen and J. D. Sterling},
  title = {Lattice Boltzmann thermohydrodynamics},
  journal = {Physical Review E},
  year = {1993},
  volume = {47},
  pages = {2249 - 2252},
  number = {4},
  file = {:LatticeBoltzmann/basic/Alexander_1993.pdf:PDF},
  owner = {philipp},
  timestamp = {2012.09.04}
}

@ARTICLE{Ansumali2002,
  author = {Santosh Ansumali and Iliya V. Karlin},
  title = {Kinetic boundary conditons in the lattice Boltzmann method},
  journal = {Physical Review E},
  year = {2002},
  volume = {66},
  pages = {026311},
  file = {:LatticeBoltzmann/basic/Ansumali_2002.pdf:PDF},
  owner = {philipp},
  timestamp = {2013.01.22}
}

@MISC{Bezanson2012,
  author = {Jeff Bezanson and Stefan Karpinski and Viral B. Shah and Alan Edelman},
  title = {Julia: A Fast Dynamic Language for Technical Computing},
  month = {September},
  year = {2012},
  file = {:other/Julia.pdf:PDF},
  owner = {philipp},
  timestamp = {2013.04.18}
}

@ARTICLE{Bhaga1981,
  author = {D. Bhaga and M. E. Weber},
  title = {Bubbles in viscous liquids: shapes, wakes and velocities},
  journal = {Journal of Fluid Mechanics},
  year = {1981},
  volume = {105},
  pages = {61 - 85},
  owner = {philipp},
  timestamp = {2013.04.18}
}

@ARTICLE{Biferale2012,
  author = {L. Biferale and P. Perlekar and M. Sbragaglia and F. Toschi},
  title = {Convection in Multiphase Fluid Flows Using Lattice Boltzmann Methods},
  journal = {Physical Review Letters},
  year = {2012},
  volume = {108},
  pages = {104502/1 - 104502/5},
  file = {:LatticeBoltzmann/multiphase/Biferale_2012.pdf:PDF},
  owner = {philipp},
  timestamp = {2012.09.11}
}

@UNPUBLISHED{Bogner2012,
  author = {Simon Bogner and Ulrich R{\"u}de},
  title = {Liquid-gas-solid flows with lattice Boltzmann: Simulation of floating
	bodies},
  note = {-},
  month = {01},
  year = {2012},
  file = {:LatticeBoltzmann/multiphase/Bogner_2012.pdf:PDF},
  owner = {philipp},
  timestamp = {2012.09.05}
}

@ARTICLE{Bothe2013,
  author = {Melanie Bothe and Michael Schl{\"u}ter},
  title = {Modellierungsparameter für Blasenströmungen},
  journal = {Chemie Ingenieur Technik},
  year = {2013},
  volume = {85},
  pages = {1023 - 1035},
  file = {:other/Bothe_2013.pdf:PDF},
  owner = {philipp},
  timestamp = {2013.08.14}
}

@ARTICLE{Bouzidi2001,
  author = {M'hamed Bouzidi and Dominique d'Humi{\`e}res and Pierre Lallemand
	and Li-Shi Luo},
  title = {Lattice Boltzmann Equation on a Two-Dimensional Rectangular Grid},
  journal = {Journal of Computational Physics},
  year = {2001},
  volume = {172},
  pages = {704 - 717},
  file = {:LatticeBoltzmann/basic/Bouzidi_2001.pdf:PDF},
  owner = {philipp},
  timestamp = {2013.04.18}
}

@ARTICLE{Brackbill1992,
  author = {J. U. Brackbill and D. B. Kothe and C. Zemach},
  title = {A Continuum Method for Modeling Surface Tension},
  journal = {Journal of Computational Physics},
  year = {1992},
  volume = {100},
  pages = {335 - 354},
  file = {:LatticeBoltzmann/multiphase/Brackbill_1991.pdf:PDF},
  owner = {philipp},
  timestamp = {2012.09.04}
}

@MISC{Brownlee2007,
  author = {R. A. Brownlee and A. N. Gorban and J. Levesley},
  title = {Stability and stabilisation of the lattice Boltzmann method -- Magic
	steps and salvation operations},
  year = {2007},
  file = {:LatticeBoltzmann/implementation/Brownlee_2007.pdf:PDF},
  owner = {philipp},
  timestamp = {2012.09.04}
}

@ARTICLE{Buick2000,
  author = {J. M. Buick and C. A. Greated},
  title = {Gravity in a lattice Boltzmann model},
  journal = {Physical Review E},
  year = {2000},
  volume = {61},
  pages = {5307 - 5320},
  number = {5},
  file = {:LatticeBoltzmann/basic/Buick_2000.pdf:PDF},
  owner = {philipp},
  timestamp = {2012.09.10}
}

@TECHREPORT{Buwa2010,
  author = {Vivek Buwa and Stefan Donath and Swapna Rabha and Ulrich R{\"u}de},
  title = {Lattice Boltzmann simulation of bubbly flows: First results of experimental
	verification and comparison with Volume of Fluid model},
  institution = {Institut für Informatik -- Friedrich-Alexander-Universit{\"a}t Erlangen-N{\"u}rnberg},
  year = {2010},
  month = {04},
  file = {:LatticeBoltzmann/multiphase/TechRep10-4.pdf:PDF},
  owner = {philipp},
  timestamp = {2012.09.04}
}

@ARTICLE{Chang1996,
  author = {Y. C. Chang and T. Y. Hou and B. Merriman and S. Osher},
  title = {A Level Set Formulation of Eulerian Interface Capturing Methods for
	Incompressible Fluid Flows},
  journal = {Journal of Computational Physics},
  year = {1996},
  volume = {124},
  pages = {449 - 464},
  file = {:LatticeBoltzmann/multiphase/Chang Y.C., A level set formulation of eulerian interface capturing methods for incompressible fluid flows.pdf:PDF},
  owner = {philipp},
  timestamp = {2012.09.04}
}

@ARTICLE{Chen1998,
  author = {Shiyi Chen and Gary D. Doolen},
  title = {Lattice Boltzmann Method for Fluid Flows},
  journal = {Annual Review of Fluid Mechanics},
  year = {1998},
  volume = {30},
  pages = {329-364},
  file = {:LatticeBoltzmann/basic/Chen_Doolen_1998_Lattice_Boltzmann_method_for_fluid_flows.pdf:PDF},
  owner = {philipp},
  timestamp = {2012.09.04}
}

@ARTICLE{Chen1994,
  author = {Shiyi Chen and Gary D. Doolen and Kenneth G. Eggert},
  title = {Lattice-Boltzmann Fluid Dynamics -- a versatile tool for multiphase
	and other complicated flows},
  journal = {Los Alamos Science},
  year = {1994},
  volume = {-},
  pages = {98 - 109},
  number = {22},
  file = {:LatticeBoltzmann/basic/Lattice_Boltzmann_einfuehrung.pdf:PDF},
  owner = {philipp},
  timestamp = {2012.09.04}
}

@ARTICLE{Chen2009,
  author = {Sheng Chen and Jonas T{\"o}lke and Manfred Krafczyk},
  title = {Simulation of bouyancy-driven flows in a vertical cylinder using
	a simple lattice Boltzmann model},
  journal = {Physical Review E},
  year = {2009},
  volume = {79},
  pages = {016704},
  file = {:LatticeBoltzmann/multiphase/Chen_2009.pdf:PDF},
  owner = {philipp},
  timestamp = {2013.01.22}
}

@ARTICLE{Chen1992,
  author = {Shiyi Chen and Zheng Wang and Xiaowen Shan and Gary D. Doolen},
  title = {Lattice Boltzmann Computational Fluid Dynamics in Three Dimensions},
  journal = {Journal of Statistical Physics},
  year = {1992},
  volume = {68},
  pages = {379 - 400},
  number = {3/4},
  file = {:LatticeBoltzmann/basic/Chen_1992.pdf:PDF},
  owner = {philipp},
  timestamp = {2012.09.04}
}

@ARTICLE{Cheng2010,
  author = {Ming Cheng and jinsong Hua and Jing Lou},
  title = {Simulation of bubble-bubble interaction using a lattice Boltzmann
	method},
  journal = {Computers {\&} Fluids},
  year = {2010},
  volume = {39},
  pages = {260 - 270},
  file = {:LatticeBoltzmann/multiphase/Cheng_2009_Simulation_of_bubble-bubble_interaction_using_a_lattice_Boltzmann_method.pdf:PDF},
  owner = {philipp},
  timestamp = {2012.09.04}
}

@ARTICLE{DOrtona1994,
  author = {U. D'Ortona and D. Salin and M. Cieplak and J. R. Banavar},
  title = {Interfacial Phenomena in Boltzmann Cellular Automata},
  journal = {Europhysics Letters},
  year = {1994},
  volume = {28},
  pages = {317 - 322},
  file = {:LatticeBoltzmann/multiphase/Dortona_1994.pdf:PDF},
  owner = {philipp},
  timestamp = {2012.09.04}
}

@ARTICLE{Dellar2001,
  author = {Paul J. Dellar},
  title = {Bulk and shear viscosities in lattice Boltzmann equations},
  journal = {Physical Review E},
  year = {2001},
  volume = {64},
  pages = {031203},
  file = {:LatticeBoltzmann/basic/Dellar_2001.pdf:PDF},
  owner = {prusch},
  timestamp = {2013.12.13}
}

@TECHREPORT{Donath2009,
  author = {Stefan Donath and Christian Feichtinger and Jan G{\"o}tz and Frank
	Deserno and Klaus Iglberger and Cherif Mihoubi and Ulrich R{\"u}de},
  title = {waLBerla: On Implementation Details of a Localized Parallel Algorithm
	for Bubble Coalescence},
  institution = {Institut für Informatik -- Friedrich-Alexander-Universit{\"a}t Erlangen-N{\"u}rnberg},
  year = {2009},
  month = {03},
  file = {:LatticeBoltzmann/implementation/BubbleCoalescence.pdf:PDF},
  owner = {philipp},
  timestamp = {2012.09.04}
}

@ARTICLE{Du2006,
  author = {Rui Du and Baochang Shi and Xingwang Chen},
  title = {Multi-relaxation-time lattice Boltzmann model for incompressible
	flow},
  journal = {Physics Letters A},
  year = {2006},
  volume = {359},
  pages = {564 - 572},
  file = {:LatticeBoltzmann/basic/Du_2006.pdf:PDF},
  owner = {philipp},
  timestamp = {2013.01.22}
}

@ARTICLE{Fakhari2010,
  author = {A. Fakhari and M. H. Rahimian},
  title = {Investigation of deformation and breakup of a moving droplet by the
	method of lattice Boltzmann equations},
  journal = {International Journal for Numerical Methods in Fluids},
  year = {2010},
  volume = {64},
  pages = {827 - 849},
  file = {:LatticeBoltzmann/multiphase/Fakhari_2010.pdf:PDF},
  owner = {philipp},
  timestamp = {2013.01.22}
}

@ARTICLE{Filippova1998,
  author = {Olga Filippova and Dieter H{\"a}nel},
  title = {Grid Refinement for Lattice-BGK Models},
  journal = {Journal of Computational Physics},
  year = {1998},
  volume = {147},
  pages = {219 - 228},
  file = {:LatticeBoltzmann/implementation/Filippova_1998.pdf:PDF},
  owner = {philipp},
  timestamp = {2012.10.09}
}

@ARTICLE{Frank2006,
  author = {Xavier Frank and Denis Funfschilling and No{\"e}l Midoux and Hu Ai
	Z. Li},
  title = {Bubbles in a viscous liquid: lattice Boltzmann simulation and experimental
	validation},
  journal = {Journal of Fluid Mechanics},
  year = {2006},
  volume = {546},
  pages = {113 - 122},
  file = {:LatticeBoltzmann/multiphase/Frank_2005_Bubbles_in_a_viscous_liquid_lattice_Boltzmann.pdf:PDF},
  owner = {philipp},
  timestamp = {2012.09.04}
}

@ARTICLE{Gerlach2006,
  author = {D. Gerlach and G. Tomar and G. Biswas and F. Durst},
  title = {Comparison of volume-of-fluid methods for surface tension-dominant
	two-phase flows},
  journal = {International Journal of Heat and Mass Transfer},
  year = {2006},
  volume = {49},
  pages = {740 - 754},
  file = {:LatticeBoltzmann/multiphase/Gerlach_2006.pdf:PDF},
  owner = {philipp},
  timestamp = {2012.09.05}
}

@ARTICLE{Ginzburg2007,
  author = {Irina Ginzburg},
  title = {Lattice Boltzmann modeling with discontinuous collision components:
	Hydrodynamic and Advection-Diffusion Equations},
  journal = {Journal of Statistical Physics},
  year = {2007},
  volume = {126},
  pages = {157 - 206},
  number = {1},
  file = {:LatticeBoltzmann/basic/Ginzburg_2007.pdf:PDF},
  owner = {philipp},
  timestamp = {2013.04.18}
}

@ARTICLE{Ginzburg2005,
  author = {Irina Ginzburg},
  title = {Equilibrium-type and link-type lattice Boltzmann models for generic
	advection and anisotropic-dispersion equation},
  journal = {Advances in Water Resources},
  year = {2005},
  volume = {28},
  pages = {1171 - 1195},
  file = {:LatticeBoltzmann/basic/Ginzburg_2005_a.pdf:PDF},
  owner = {philipp},
  timestamp = {2013.01.25}
}

@ARTICLE{Ginzburg2005a,
  author = {Irina Ginzburg},
  title = {Generic boundary conditions for lattice Boltzmann models and their
	application to advection and anisotropic dispersion equations},
  journal = {Advances in Water Resources},
  year = {2005},
  volume = {28},
  pages = {1196 - 1216},
  file = {:LatticeBoltzmann/basic/Ginzburg_2005_b.pdf:PDF},
  owner = {philipp},
  timestamp = {2013.01.25}
}

@ARTICLE{Ginzburg2003,
  author = {Irina Ginzburg and Dominique d'Humi{\`e}res},
  title = {Multireflection boundary conditions for lattice Boltzmann models},
  journal = {Physical Review E},
  year = {2003},
  volume = {68},
  pages = {066614},
  file = {:LatticeBoltzmann/basic/Ginzburg_2003.pdf:PDF},
  owner = {philipp},
  timestamp = {2013.04.18}
}

@ARTICLE{Glimm1981,
  author = {J. Glimm and E. Isaacson and D. Marchesin and O. McBryan},
  title = {Front Tracking for Hyperbolic Systems},
  journal = {Advances in applied Mathematics},
  year = {1981},
  volume = {2},
  pages = {91 - 119},
  file = {:LatticeBoltzmann/multiphase/Glimm_1981.pdf:PDF},
  owner = {philipp},
  timestamp = {2012.09.04}
}

@MISC{Gokaltun2011,
  author = {Seckin Gokaltun and Dwayne McDaniel},
  title = {A Lattice Boltzmann Simulation os Gas Bubbles in Multiphase Flows
	with High Density Ratios},
  year = {2011},
  file = {:LatticeBoltzmann/multiphase/Gokaltun_2011_A_Lattice_Boltzmann_Simulation_of_Gas_Bubbles_in_Multiphase_Flows_with_High_Density_Ratios.pdf:PDF},
  owner = {philipp},
  timestamp = {2012.09.04}
}

@ARTICLE{Goldberg1991,
  author = {David Goldberg},
  title = {What Every Computer Scientist Should Know About Floating-Point Arithmetic},
  journal = {ACM Computing Surveys},
  year = {1991},
  volume = {23},
  pages = {5 - 48},
  file = {:other/Goldberg_1991.pdf:PDF},
  owner = {philipp},
  timestamp = {2013.04.18}
}

@ARTICLE{Graves1999,
  author = {Rick E. Graves and Brian M. Argrow},
  title = {Bulk Viscosity: Past to Present},
  journal = {Journal of Thermophysics and Heat Transfer},
  year = {1999},
  volume = {13},
  pages = {337 - 342},
  number = {3},
  file = {:other/Graves_1999.pdf:PDF},
  owner = {prusch},
  timestamp = {2013.12.13}
}

@MISC{Grunau1993,
  author = {Daryl Grunau and Shiyi Chen and Kenneth Eggert},
  title = {A Lattice Boltzmann Model for Multi-phase Fluid Flows},
  year = {1993},
  file = {:LatticeBoltzmann/multiphase/Grunau_1993.pdf:PDF},
  owner = {philipp},
  timestamp = {2012.09.04}
}

@ARTICLE{Guangwu2000,
  author = {Yan Guangwu},
  title = {A Lattice Boltzmann Equation for Waves},
  journal = {Journal of Computational Physics},
  year = {2000},
  volume = {161},
  pages = {61 - 69},
  file = {:LatticeBoltzmann/multiphase/Guangwu_2000.pdf:PDF},
  owner = {philipp},
  timestamp = {2012.09.10}
}

@ARTICLE{Gunstensen1991,
  author = {Andrew W. Gunstensen and Daniel H. Rothman and St{\´e}phane Zaleski
	and Gianluigi Zanetti},
  title = {Lattice Boltzmann model of immiscible fluids},
  journal = {Physical Review A},
  year = {1991},
  volume = {43},
  pages = {4320 - 4327},
  number = {8},
  file = {:LatticeBoltzmann/multiphase/Gunnstensen_1991.pdf:PDF},
  owner = {philipp},
  timestamp = {2012.09.12}
}

@ARTICLE{Guo2002,
  author = {Zhaoli Guo and Chuguang Zheng and Baochang Shi},
  title = {Discrete lattice effects on the forcing term in the lattice Boltzmann
	method},
  journal = {Physical Review E},
  year = {2002},
  volume = {65},
  pages = {046308/1 - 046308/6},
  file = {:LatticeBoltzmann/basic/Guo_2002.pdf:PDF},
  owner = {philipp},
  timestamp = {2012.11.26}
}

@ARTICLE{Gupta2008,
  author = {Amit Gupta and Ranganathan Kumar},
  title = {Lattice Boltzmann simulation to study multiple bubble dynamics},
  journal = {International Journal of Heat and Mass Transfer},
  year = {2008},
  volume = {51},
  pages = {5192 - 5203},
  file = {:LatticeBoltzmann/multiphase/Gupta_2008.pdf:PDF},
  owner = {philipp},
  timestamp = {2013.04.18}
}

@TECHREPORT{Gotz2010,
  author = {J. G{\"o}tz and K. Iglberger and C. Feichtinger and U. R{\"u}de},
  title = {Simple Techniques to improve Fluid Structure Interaction Methods
	in waLBerla},
  institution = {Institut für Informatik -- Friedrich-Alexander-Universit{\"a}t Erlangen-N{\"u}rnberg},
  year = {2010},
  month = {08},
  file = {:LatticeBoltzmann/implementation/TechRep10-8.pdf:PDF},
  owner = {philipp},
  timestamp = {2012.09.05}
}

@ARTICLE{Harting2005,
  author = {Jens Harting and Jonathan Chin and Maddalena Venturoli and Peter
	V. Coveney},
  title = {Large-scale lattice Boltzmann simulations of complex fluids: advances
	through the advent of computational Grids},
  journal = {Philosophical Transactions of the Royal Society A},
  year = {2005},
  volume = {363},
  pages = {1895 - 1915},
  file = {:LatticeBoltzmann/basic/Harting_2005.pdf:PDF},
  owner = {philipp},
  timestamp = {2013.04.18}
}

@ARTICLE{He1998,
  author = {Xiaoyi He and Xiaowen Shan and Gary D. Doolen},
  title = {Discrete Boltzmann equation model for nonideal gases},
  journal = {Physical Review E},
  year = {1998},
  volume = {57},
  pages = {R13 - R16},
  file = {:LatticeBoltzmann/basic/He_1998.pdf:PDF},
  owner = {philipp},
  timestamp = {2013.08.14}
}

@ARTICLE{Heuveline2009,
  author = {Vincent Heuveline and Mathias J. Krause and Jonas Latt},
  title = {Towards a hybrid parallelization of lattice Boltzmann methods},
  journal = {Computers and Mathematics with Applications},
  year = {2009},
  volume = {58},
  pages = {1071 - 1080},
  file = {:LatticeBoltzmann/implementation/Heuveline.pdf:PDF},
  owner = {philipp},
  timestamp = {2012.09.10}
}

@ARTICLE{Heuveline2006,
  author = {Vincent Heuveline and Jonas Latt},
  title = {The OpenLB project: an open source and object oriented implementation
	of lattice Boltzmann methods},
  journal = {International Journal of Modern Physics C},
  year = {2006},
  volume = {19:11},
  pages = {1 - 8},
  file = {:LatticeBoltzmann/implementation/Heuveline_OpenLB.pdf:PDF},
  owner = {philipp},
  timestamp = {2012.10.09}
}

@ARTICLE{Hirschler2013,
  author = {Manuel Hirschler and Franz Keller and Manuel Huber and Winfried S{\"a}ckel
	and Ulrich Nieken},
  title = {Ein gitterfreies Berechnungsverfahren zur Simulation von Koaleszens
	in Mehrphasen-Systemen},
  journal = {Chemie Ingenieur Technik},
  year = {2013},
  volume = {85},
  pages = {1099 - 1106},
  file = {:other/Hirschler_2013.pdf:PDF},
  owner = {philipp},
  timestamp = {2013.08.14}
}

@ARTICLE{Inamuro2004,
  author = {T. Inamuro and T. Ogata and F. Ogino},
  title = {Numerical simulation of bubble flows by the lattice Boltzmann method},
  journal = {Future Generation Computer Systems},
  year = {2004},
  volume = {20},
  pages = {959 - 964},
  file = {:LatticeBoltzmann/multiphase/Inamuro_2004.pdf:PDF},
  owner = {philipp},
  timestamp = {2012.10.09}
}

@ARTICLE{Joshi2009,
  author = {Abhijit S. Joshi and Ying Sun},
  title = {Multiphase lattice Boltzmann method for particle suspensions},
  journal = {Physical Review E},
  year = {2009},
  volume = {79},
  pages = {066703/1 - 066703/16},
  file = {:LatticeBoltzmann/multiphase/Joshi_2009.pdf:PDF},
  owner = {philipp},
  timestamp = {2012.09.11}
}

@ARTICLE{Korner2005,
  author = {C. K{\"o}rner and M. Thies and T. Hofmann and N. Th{\"u}rey and U.
	R{\"u}de},
  title = {Lattice Boltzmann Model for Free Surface Flow for Modeling Foaming},
  journal = {Journal of Statistical Physics},
  year = {2005},
  volume = {121},
  pages = {179 - 196},
  number = {1/2},
  file = {:LatticeBoltzmann/multiphase/Koerner_2005.pdf:PDF},
  owner = {philipp},
  timestamp = {2012.09.05}
}

@ARTICLE{Lallemand2003,
  author = {Pierre Lallemand and Li-Shi Luo},
  title = {Theory of the lattice Boltzmann method: Acoustic and thermal properties
	in two and three dimensions},
  journal = {Physical Review E},
  year = {2003},
  volume = {68},
  pages = {036706},
  file = {:LatticeBoltzmann/basic/Lallemand_2003.pdf:PDF},
  owner = {philipp},
  timestamp = {2013.01.25}
}

@ARTICLE{Lallemand2000,
  author = {Pierre Lallemand and Li-Shi Luo},
  title = {Theory of the lattice Boltzmann method: Dispersion, dissipation,
	isotropy, Galilean invariance, and stability},
  journal = {Physical Review E},
  year = {2000},
  volume = {61},
  pages = {6546 - 6562},
  number = {6},
  file = {:LatticeBoltzmann/basic/Lallemand_2000.pdf:PDF},
  owner = {philipp},
  timestamp = {2013.01.25}
}

@MISC{Latt2008,
  author = {Jonas Latt},
  title = {Technical report: LB model with adjustable speed of sound},
  month = {02},
  year = {2008},
  file = {:LatticeBoltzmann/implementation/olb-tr2.pdf:PDF},
  owner = {philipp},
  timestamp = {2012.09.04}
}

@MISC{Latt2008a,
  author = {Jonas Latt},
  title = {OpenLB technical report: BGK dynamics in which average density is
	time-independent},
  month = {04},
  year = {2008},
  file = {:LatticeBoltzmann/implementation/olb-tr3.pdf:PDF},
  owner = {philipp},
  timestamp = {2012.09.04}
}

@MISC{Latt2007,
  author = {Jonas Latt},
  title = {Technical Report: How to implement your DdQq dynamics with only q
	variables per node (instead of 2q)},
  month = {06},
  year = {2007},
  file = {:LatticeBoltzmann/implementation/olb-tr1.pdf:PDF},
  owner = {philipp},
  timestamp = {2012.09.04}
}

@ARTICLE{Latva-Kokko2005,
  author = {M. Latva-Kokko and Daniel H. Rothman},
  title = {Diffusion properties of gradient-based lattice Boltzmann models of
	immiscible fluids},
  journal = {Physical Review E},
  year = {2005},
  volume = {71},
  pages = {1 - 8},
  file = {:LatticeBoltzmann/multiphase/Latva2005.pdf:PDF},
  owner = {philipp},
  timestamp = {2012.09.12}
}

@ARTICLE{Leclaire2012,
  author = {S{\'e}bastien Leclaire and Marcelo Reggio and Jean-Yves Tr{\'e}panier},
  title = {Numerical evaluation of two recoloring operators for an immiscible
	two-phase flow lattice Boltzmann model},
  journal = {Applied Mathematical Modelling 36},
  year = {2012},
  volume = {36},
  pages = {2237-2252},
  file = {:LatticeBoltzmann/multiphase/Leclaire2012.pdf:PDF},
  owner = {philipp},
  timestamp = {2012.09.12}
}

@ARTICLE{Leclaire2011,
  author = {S{\'e}bastien Leclaire and Marcelo Reggio and Jean-Yves Tr{\'e}panier},
  title = {Isotropic color gradient for simulating very high-density ratios
	with a two-phase flow lattice Boltzmann model},
  journal = {Computers {\&} Fluids},
  year = {2011},
  volume = {48},
  pages = {98 - 112},
  file = {:LatticeBoltzmann/multiphase/Leclaire2011.pdf:PDF},
  owner = {philipp},
  timestamp = {2012.09.12}
}

@ARTICLE{Lee2005,
  author = {Taehun Lee and Ching-Long Lin},
  title = {A stable discretization of the lattice Boltzmann equation for simulation
	of incompressible two-phase flows at high density ratio},
  journal = {Journal of Computational Physics},
  year = {2005},
  volume = {206},
  pages = {16 - 47},
  file = {:LatticeBoltzmann/multiphase/Lee_2005.pdf:PDF},
  owner = {philipp},
  timestamp = {2012.09.10}
}

@ARTICLE{Li2003,
  author = {Baoming Li and Daniel Y. Kwok},
  title = {Lattice Boltzmann Model of Microfluids with High Reynolds Numbers
	in the Presence of External Forces},
  journal = {Langmuir},
  year = {2003},
  volume = {19},
  pages = {3041 - 3048},
  file = {:LatticeBoltzmann/basic/Li_2003.pdf:PDF},
  owner = {philipp},
  timestamp = {2012.09.10}
}

@ARTICLE{Li2005,
  author = {Huina Li and Chongxun Pan and Cass T. Miller},
  title = {Pore-scale investigation of viscous coupling effects for two-phase
	flow in porous media},
  journal = {Physical Review E},
  year = {2005},
  volume = {72},
  pages = {026705},
  file = {:LatticeBoltzmann/basic/Li_2005.pdf:PDF},
  owner = {philipp},
  timestamp = {2013.08.14}
}

@ARTICLE{Lishchuk2003,
  author = {S. V. Lishchuk and C. M. Care and I. Halliday},
  title = {Lattice Boltzmann algrith for surface tension with greatly reduced
	microcurrents},
  journal = {Physical Review E},
  year = {2003},
  volume = {67},
  pages = {1 - 5},
  file = {:LatticeBoltzmann/multiphase/Lishchuk_2003.pdf:PDF},
  owner = {philipp},
  timestamp = {2012.09.12}
}

@ARTICLE{Liu2012,
  author = {Haihu Liu and Albert J. Valocchi and Qinjun Kang},
  title = {Three-dimensional lattice Boltzmann model for immiscible two-phase
	flow simulations},
  journal = {Physical Review E},
  year = {2012},
  volume = {85},
  pages = {046309/1 - 046309/14},
  file = {:LatticeBoltzmann/multiphase/Liu_2012.pdf:PDF},
  owner = {philipp},
  timestamp = {2012.11.26}
}

@ARTICLE{Martys1996,
  author = {Nicos S. Martys and Hudong Chen},
  title = {Simulation of multicomponent fluids in complex three-dimensional
	geometries by the lattice Boltzmann method},
  journal = {Physical Review E},
  year = {1996},
  volume = {53},
  pages = {743 - 750},
  number = {1},
  file = {:LatticeBoltzmann/multiphase/Martys_1995.pdf:PDF},
  owner = {philipp},
  timestamp = {2012.09.04}
}

@ARTICLE{Mattila2007,
  author = {Keijo Mattila and Jari Hyv{\"a}luoma and Tuomo Rossi and Mats Aspn{\"a}s
	and Jan Westerholm},
  title = {An efficient swap algorithm for the lattice Boltzmann method},
  journal = {Computer Physics Communications},
  year = {2007},
  volume = {176},
  pages = {200 - 210},
  file = {:LatticeBoltzmann/implementation/Matila_2007.pdf:PDF},
  owner = {philipp},
  timestamp = {2013.04.18}
}

@ARTICLE{Mattila2008,
  author = {Keijo Mattila and Jari Hyv{\"a}luoma and Jussi Timonen and Tuomo
	Rossi},
  title = {Comparison of implementations of the lattice-Boltzmann method},
  journal = {Computers and Mathematics with Applications},
  year = {2008},
  volume = {55},
  pages = {1514 - 1524},
  file = {:LatticeBoltzmann/implementation/Matila_2008.pdf:PDF},
  owner = {philipp},
  timestamp = {2013.04.18}
}

@ARTICLE{McCracken2005,
  author = {Michael E. McCracken and John Abraham},
  title = {Multiple-relaxations-time lattice-Boltzmann model for multiphase
	flow},
  journal = {Physical Review E},
  year = {2005},
  volume = {71},
  pages = {036701},
  file = {:LatticeBoltzmann/multiphase/McCracken_2005.pdf:PDF},
  owner = {philipp},
  timestamp = {2013.01.22}
}

@ARTICLE{McNamara1988,
  author = {Guy R. McNamara and Gianluigi Zanetti},
  title = {Use of the Boltzmann Equation to Simulate Lattice-Gas Automata},
  journal = {Physical Review Letters},
  year = {1988},
  volume = {61},
  pages = {2332 - 2335},
  number = {20},
  file = {:LatticeBoltzmann/basic/McNamara_1988.pdf:PDF},
  owner = {philipp},
  timestamp = {2012.09.04}
}

@ARTICLE{Mehl2011,
  author = {M. Mehl and T. Neckel and Ph. Neumann},
  title = {Navier-Stokes and Lattice-Boltzmann on octree-like grids in the Peano
	framework},
  journal = {International Journal for Numerical Methods in Fluids},
  year = {2011},
  volume = {65},
  pages = {67-86},
  file = {:LatticeBoltzmann/implementation/Mehl_2011.pdf:PDF},
  owner = {philipp},
  timestamp = {2012.10.09}
}

@ARTICLE{Mei2006,
  author = {Renwei Mei and Li-Shi Luo and Pierre Lallemand and Dominique d'Humi{\`e}res},
  title = {Consistent initiial conditions for lattice Boltzmann simulations},
  journal = {Computers {\&} Fluids},
  year = {2006},
  volume = {35},
  pages = {855 - 862},
  file = {:LatticeBoltzmann/basic/Mei_2005.pdf:PDF},
  owner = {philipp},
  timestamp = {2013.08.14}
}

@ARTICLE{Mukherjee2007,
  author = {Shiladitya Mukherjee and John Abraham},
  title = {Lattice Boltzmann simulations of two-phase flow with high density
	ratio in axially symmetric geometry},
  journal = {Physical Review E},
  year = {2007},
  volume = {75},
  pages = {026701},
  file = {:LatticeBoltzmann/multiphase/Mukherjee_2007.pdf:PDF},
  owner = {philipp},
  timestamp = {2013.01.22}
}

@ARTICLE{Niu2007,
  author = {Xiao-Dong Niu and Toshihisa Munekata and Shi-Aki Hyodo and Kazuhiko
	Suga},
  title = {An investigation of water-gas transport processes in the gas-diffusion-layer
	of a PEM fuel cell by a multiphase multiple-relaxation-time lattice
	Boltzmann model},
  journal = {Journal of Power Sources},
  year = {2007},
  volume = {172},
  pages = {542 - 552},
  file = {:LatticeBoltzmann/multiphase/Niu_2007.pdf:PDF},
  owner = {philipp},
  timestamp = {2013.01.22}
}

@ARTICLE{Nourgaliev2003,
  author = {R. R. Nourgaliev and T. N. Dinh and T.G Theofanus and D. Joseph},
  title = {The lattice Boltzmann equation method: theoretical interpretation,
	numerics and implications},
  journal = {International Journal of Multiphase Flow},
  year = {2003},
  volume = {29},
  pages = {117 - 169},
  file = {:LatticeBoltzmann/basic/Nourgaliev_2003.pdf:PDF},
  owner = {philipp},
  timestamp = {2012.09.11}
}

@ARTICLE{Osborn1995,
  author = {W. R. Osborn and E. Orlandini and Michael R. Swift and J. M. Yeomans
	and Jayanth R. Banavar},
  title = {Lattice Boltzmann Study of Hydrodynamic Spinodal Decomposition},
  journal = {Physical Review Letters},
  year = {1995},
  volume = {75},
  pages = {4031 - 4034},
  number = {22},
  file = {:LatticeBoltzmann/multiphase/Osborn_1995.pdf:PDF},
  owner = {philipp},
  timestamp = {2012.09.04}
}

@ARTICLE{Parker2009,
  author = {J. M. Parker and G. N. Jovanovic},
  title = {A Multicomponent Lattice Boltzmann Model for Multiphase Convection,
	Diffusion, and Reaction in Two Dimensions},
  journal = {Chemical and Biochemical Engineering Quaterly},
  year = {2009},
  volume = {23},
  pages = {399 - 409},
  number = {4},
  file = {:LatticeBoltzmann/multiphase/Cabeq_2009_04_01.pdf:PDF},
  owner = {philipp},
  timestamp = {2013.01.25}
}

@ARTICLE{Pohl2003,
  author = {Thomas Pohl and Markus Kowarschik and Jens Wilke and Klaus Iglberger
	and Ulrich R{\"u}de},
  title = {Optimization and profiling of the cache performance of parallel lattice
	boltzmann codes},
  journal = {Parallel Processing Letters},
  year = {2003},
  volume = {13},
  pages = {549 - 560},
  number = {4},
  file = {:LatticeBoltzmann/implementation/Pohl_2003.pdf:PDF},
  owner = {philipp},
  timestamp = {2012.10.09}
}

@ARTICLE{Premnath2007,
  author = {Kannan N. Premnath and John Abraham},
  title = {Three-dimensional multi-relaxation time (MRT) lattice-Boltzmann models
	for multiphase flow},
  journal = {Journal of Computational Physics},
  year = {2007},
  volume = {224},
  pages = {539 - 559},
  file = {:LatticeBoltzmann/multiphase/Premnath_2007.pdf:PDF},
  owner = {philipp},
  timestamp = {2013.01.22}
}

@ARTICLE{Premnath2005,
  author = {Kannan N. Premnath and John Abraham},
  title = {Simulations of binary drop collisions with a multiple-relaxation-time
	lattice-Boltzmann model},
  journal = {Physics of Fluids},
  year = {2005},
  volume = {17},
  pages = {122105},
  file = {:LatticeBoltzmann/multiphase/Premnath_2005.pdf:PDF},
  owner = {philipp},
  timestamp = {2013.01.22}
}

@ARTICLE{Prince1990,
  author = {Michael J. Prince and Harvey W. Blanch},
  title = {Bubble Coalescence and Break-Up in Air-Sparged Bubble Columns},
  journal = {AIChE Journal},
  year = {1990},
  volume = {36},
  pages = {1485 - 1499},
  number = {10},
  file = {:other/Prince_1990.pdf:PDF},
  owner = {philipp},
  timestamp = {2012.10.09}
}

@ARTICLE{Reis2007,
  author = {T. Reis and T. N. Phillips},
  title = {Lattice Boltzmann model for simulating immiscible two-phase flows},
  journal = {Journal of Physics A: Mathematical and Theoretical},
  year = {2007},
  volume = {40},
  pages = {4033 - 4053},
  file = {:LatticeBoltzmann/multiphase/Reis_2007.pdf:PDF},
  owner = {philipp},
  timestamp = {2012.09.12}
}

@ARTICLE{Rosenhead1954,
  author = {L. Rosenhead},
  title = {The second coefficient of viscosity: A brief review of fundamentals},
  journal = {Proceedings of the Royal Society A},
  year = {1954},
  volume = {226},
  pages = {1},
  file = {:/other/Proc. R. Soc. Lond. A-1954-Rosenhead-1-6.pdf:PDF},
  owner = {philipp},
  timestamp = {2014.01.03}
}

@ARTICLE{Rothman1988,
  author = {Daniel H. Rothman and Jeffrey M. Keller},
  title = {Imminiscible Cellular-Automaton Fluids},
  journal = {Journal of Statistical Physics},
  year = {1988},
  volume = {52},
  pages = {1119 - 1127},
  number = {3/4},
  file = {:LatticeBoltzmann/multiphase/Rothman_1988.pdf:PDF},
  owner = {philipp},
  timestamp = {2012.09.04}
}

@ARTICLE{Sankaranarayanan1999,
  author = {K. Sankaranarayanan and X. Shan and I. G. Kevrekidis and S. Sundaresan},
  title = {Bubble flow simulations with the lattice Boltzmann method},
  journal = {Chemical Engineering Science},
  year = {1999},
  volume = {54},
  pages = {4817 - 4823},
  file = {:LatticeBoltzmann/multiphase/Sankaranarayanan_1999_Bubble_fow_simulations_with_the_lattice_Boltzmann_method.pdf:PDF},
  owner = {philipp},
  timestamp = {2012.09.04}
}

@ARTICLE{Sbragaglia2007,
  author = {M. Sbragaglia and R. Benzi and L. Biferale and S. Succi and K. Sugiyama
	and F. Toschi},
  title = {Generalized lattice Boltzmann method with mutlirange pseudopotential},
  journal = {Physical Review E},
  year = {2007},
  volume = {75},
  pages = {026702/1 - 026702/13},
  file = {:LatticeBoltzmann/multiphase/Sbragaglia_2007.pdf:PDF},
  owner = {philipp},
  timestamp = {2012.10.23}
}

@ARTICLE{Sbragaglia2009,
  author = {M. Sbragaglia and H. Chen and X. Shan and S. Succi},
  title = {Continuum free-energy formulation for a class of lattice Boltzmann
	mutliphase models},
  journal = {A Letters Journal Exploring the Frontiers of Physics},
  year = {2009},
  volume = {86},
  pages = {24005/1 - 24005/6},
  file = {:LatticeBoltzmann/multiphase/Sbragaglia_2009.pdf:PDF},
  owner = {philipp},
  timestamp = {2012.09.11}
}

@ARTICLE{Shan1994,
  author = {Xiaowen Shan and Hudong Chen},
  title = {Simulation of nonideal gases and liquid-gas phase transitions by
	the lattice Boltzmann equation},
  journal = {Physical Review E},
  year = {1994},
  volume = {49},
  pages = {2941 - 2948},
  number = {4},
  file = {:LatticeBoltzmann/multiphase/Shan_1994_a.pdf:PDF},
  owner = {philipp},
  timestamp = {2012.09.04}
}

@ARTICLE{Shan1993,
  author = {Xiaowen Shan and Hudong Chen},
  title = {Lattice Boltzmann model for simulating flows with multiple phases
	and components},
  journal = {Physical Review E},
  year = {1993},
  volume = {47},
  pages = {1815 - 1819},
  number = {3},
  file = {:LatticeBoltzmann/multiphase/Shan_1993.pdf:PDF},
  owner = {philipp},
  timestamp = {2012.09.04}
}

@ARTICLE{Shan1995,
  author = {Xiaowen Shan and Gary Doolen},
  title = {Multicomponent Lattice-Boltzmann Model with Interparticle Interaction},
  journal = {Journal of Statistical Physics},
  year = {1995},
  volume = {81},
  pages = {379 - 393},
  number = {1/2},
  file = {:LatticeBoltzmann/multiphase/Shan_1994_b.pdf:PDF},
  owner = {philipp},
  timestamp = {2012.09.04}
}

@ARTICLE{Shih2011,
  author = {Ching-Hsiang Shih and Cheng-Long Wu and Li-Chen Chang and Chao-An
	Lin},
  title = {Lattice Boltzmann simulations of incompressible liquid-gas systems
	on partial wetting surfaces},
  journal = {Philosophical Transactions of the Royal Society A},
  year = {2011},
  volume = {369},
  pages = {2510 - 2518},
  file = {:LatticeBoltzmann/multiphase/Shih_2011.pdf:PDF},
  owner = {philipp},
  timestamp = {2012.11.26}
}

@ARTICLE{Sterling1996,
  author = {James D. Sterling and Shiyi Chen},
  title = {Stability Analysis of Lattice Boltzmann Methods},
  journal = {Journal of Computational Physics},
  year = {1996},
  volume = {123},
  pages = {196 - 206},
  file = {:LatticeBoltzmann/implementation/Sterling_1995.pdf:PDF},
  owner = {philipp},
  timestamp = {2012.09.04}
}

@MISC{Stuart2002,
  author = {Peter Stuart},
  title = {Lattice Gas Models: Flow, Porous media and Bubbles},
  month = {07},
  year = {2002},
  file = {:LatticeBoltzmann/multiphase/Stuart_2002_Lattice_Gas_Models_Flow_Porous_Media_and_Bubbles.pdf:PDF},
  owner = {philipp},
  timestamp = {2012.09.04}
}

@ARTICLE{Swift1996,
  author = {Michael R. Swift and E. Orlandini and W. R. Osborn and J. M. Yeomans},
  title = {Lattice Boltzmann simulations of liquid-gas and binary fluid systems},
  journal = {Physical Review E},
  year = {1996},
  volume = {54},
  pages = {5041 - 5052},
  number = {5},
  file = {:LatticeBoltzmann/multiphase/Swift_1996.pdf:PDF},
  owner = {philipp},
  timestamp = {2012.09.04}
}

@ARTICLE{Swift1995,
  author = {Michael R. Swift and W. R. Osborn and J. M. Yeomans},
  title = {Lattice Boltzmann Simulations of Nonideal Fluids},
  journal = {Physical Review Letters},
  year = {1995},
  volume = {75},
  pages = {830 - 833},
  number = {5},
  file = {:LatticeBoltzmann/multiphase/Swift_1994.pdf:PDF},
  owner = {philipp},
  timestamp = {2012.09.04}
}

@ARTICLE{Soderberg2003,
  author = {Ingrid S{\"o}derberg and Eric Dickinson and Brent S. Murray},
  title = {Coalescence stability of gas bubbles subjected to rapid pressure
	change at a planar air/water interface},
  journal = {Colloids and Surfaces B: Biosurfaces},
  year = {2003},
  volume = {30},
  pages = {237 - 248},
  file = {:LatticeBoltzmann/multiphase/Soderberg_2003.pdf:PDF},
  owner = {philipp},
  timestamp = {2012.09.10}
}

@ARTICLE{Takada2001,
  author = {Naoki Takada and Masaki Misawa and Akio Tomiyama and Shigeo Hosokawa},
  title = {Simulation of Bubble Motion under Gravity by Lattice Boltzmann Method},
  journal = {Journal of Nuclear Science and Technology},
  year = {2001},
  volume = {38},
  pages = {330-341},
  number = {5},
  file = {:LatticeBoltzmann/multiphase/Takada_2001.pdf:PDF},
  owner = {philipp},
  timestamp = {2012.11.26}
}

@ARTICLE{Thommes2009,
  author = {G. Th{\"o}mmes and J. Becker and M. Junk and A. K. Valikuntam and
	D. Kehrwald and A. Klar and K. Steiner and A. Wiegmann},
  title = {A lattice Boltzmann method for immiscible multiphase flow simulations
	using the level set method},
  journal = {Journal of Computational Physics},
  year = {2009},
  volume = {228},
  pages = {1139 - 1156},
  file = {:LatticeBoltzmann/multiphase/Thommes_2009.pdf:PDF},
  owner = {philipp},
  timestamp = {2012.09.11}
}

@ARTICLE{Tiribocchi2009,
  author = {A. Tiribocchi and N. Stella and G. Gonella and A. Lamura},
  title = {Hybrid lattice Boltzmann model for binary fluid mixtures},
  journal = {Physical Review E},
  year = {2009},
  volume = {80},
  pages = {026701/1 - 026701/7},
  file = {:LatticeBoltzmann/multiphase/Tiribocchi_2009.pdf:PDF},
  owner = {philipp},
  timestamp = {2012.09.11}
}

@ARTICLE{Tse2003,
  author = {K. L. Tse and T. Martin and C. M. McFarlane and A. W. Nienow},
  title = {Small bubble formation via a coalescence dependent break-up mechanism},
  journal = {Chemical Engineering Science},
  year = {2003},
  volume = {58},
  pages = {275 - 286},
  file = {:other/Tse_2003.pdf:PDF},
  owner = {philipp},
  timestamp = {2012.10.09}
}

@ARTICLE{Tolke2002,
  author = {Jonas T{\"o}lke},
  title = {Lattice Boltzmann simulations of binary fluid flow through porous
	media},
  journal = {Philosophical Transactions of the Royal Society A},
  year = {2002},
  volume = {360},
  pages = {535 - 545},
  file = {:LatticeBoltzmann/multiphase/Toelke_2002.pdf:PDF},
  owner = {philipp},
  timestamp = {2012.11.26}
}

@ARTICLE{Tolke2006,
  author = {Jonas T{\"o}lke and S{\"o}ren Freudiger and Manfred Krafczyk},
  title = {An adaptive scheme using hierarchical grids for lattice Boltzmann
	multi-phase flow simulations},
  journal = {Computers {\&} Fluids},
  year = {2006},
  volume = {35},
  pages = {820 - 830},
  file = {:LatticeBoltzmann/multiphase/Toelke_2006.pdf:PDF},
  owner = {philipp},
  timestamp = {2013.01.22}
}

@ARTICLE{Vidal2010,
  author = {David Vidal and Robert Roy and Fran{\c{c}}ois Bertrand},
  title = {On improving the performance of large parallel lattice Boltzmann
	flow simulations in heterogeneous porous media},
  journal = {Computers {\&} Fluids},
  year = {2010},
  volume = {39},
  pages = {324 - 337},
  file = {:LatticeBoltzmann/implementation/Vidal_2010.pdf:PDF},
  owner = {philipp},
  timestamp = {2013.04.18}
}

@ARTICLE{Vidal2010a,
  author = {David Vidal and Robert Roy and Fran{\c{c}}ois Bertrand},
  title = {A parallel workload balanced and memory efficient lattice-Boltzmann
	algorithm with single unit BGK relaxation time for laminar Newtonian
	flows},
  journal = {Computers {\&} Fluids},
  year = {2010},
  volume = {39},
  pages = {1411 - 1423},
  file = {:LatticeBoltzmann/implementation/Vidal_2010a.pdf:PDF},
  owner = {philipp},
  timestamp = {2013.04.18}
}

@MISC{Wei,
  author = {Xiaoming Wei and Wei Li and Klaus Mueller and Arie Kaufmann},
  title = {The Lattice-Boltzmann Method for Gaseous Phenomena},
  file = {:LatticeBoltzmann/basic/The Lattice-Boltzmann Method for Gaseous Phenomena.pdf:PDF},
  owner = {philipp},
  timestamp = {2012.09.04}
}

@ARTICLE{Wittmann2013,
  author = {Markus Wittmann and Thomas Zeiser and Georg Hager and Gerhard Wellein},
  title = {Comparison of different propagition steps for lattice Boltzmann methods},
  journal = {Computers and Mathematics with Applications},
  year = {2013},
  volume = {65},
  pages = {924 - 935},
  file = {:LatticeBoltzmann/implementation/Wittmann_2013.pdf:PDF},
  owner = {philipp},
  timestamp = {2012.09.04}
}

@ARTICLE{WolfGaldrow1995,
  author = {Dieter Wolf-Galdrow},
  title = {A Lattice Boltzmann Equation for Diffusion},
  journal = {Journal of Statistical Physics},
  year = {1995},
  volume = {79},
  pages = {1023 - 1032},
  number = {5/6},
  file = {:LatticeBoltzmann/multiphase/WolfGladrow_1995.pdf:PDF},
  owner = {philipp},
  timestamp = {2012.09.10}
}

@ARTICLE{Worthing1997,
  author = {Rodney A. Worthing and Joel Mozer and Guy Seeley},
  title = {Stability of lattice Boltzmann methods in hydrodynamic regimes},
  journal = {Physical Review E},
  year = {1997},
  volume = {56},
  pages = {2243 - 2253},
  number = {2},
  file = {:LatticeBoltzmann/implementation/Worthing_1997.pdf:PDF},
  owner = {philipp},
  timestamp = {2012.09.04}
}

@ARTICLE{Yang2013,
  author = {Zhaoxia Yang},
  title = {Lattice Boltzmann outflow treatments: Convective conditions and others},
  journal = {Computers and Mathematics with Applications},
  year = {2013},
  volume = {65},
  pages = {160 - 171},
  file = {:LatticeBoltzmann/basic/Yang_2013.pdf:PDF},
  owner = {philipp},
  timestamp = {2013.04.18}
}

@ARTICLE{Yang2000,
  author = {Z. L. Yang and T. N. Dinh and R. R. Nourgaliev and B. R. Sehgal},
  title = {Evaluation of the Darcy's law performance for two-fluid flow hydrodynamics
	in a particle debris bed using a lattice-Boltzmann model},
  journal = {Heat and Mass Transfer},
  year = {2000},
  volume = {36},
  pages = {295 - 304},
  file = {:LatticeBoltzmann/multiphase/Yang_2000.pdf:PDF},
  owner = {philipp},
  timestamp = {2012.09.10}
}

@ARTICLE{Yu2010,
  author = {Zhao Yu and Liang-Shih Fan},
  title = {Multirelaxation-time interaction-potential-based lattice Boltzmann
	model for two-phase flow},
  journal = {Physical Review E},
  year = {2010},
  volume = {82},
  pages = {046708},
  file = {:LatticeBoltzmann/multiphase/Yu_2011.pdf:PDF},
  owner = {philipp},
  timestamp = {2013.01.22}
}

@ARTICLE{Yu2011,
  author = {Zhao Yu and Hui Yang and Liang-Shih Fan},
  title = {Numerical simulation of bubble interactions using an adaptive lattice
	Boltzmann method},
  journal = {Chemical Engineering Science},
  year = {2011},
  volume = {66},
  pages = {3441 - 3451},
  file = {:LatticeBoltzmann/multiphase/Yu_2011.pdf:PDF},
  owner = {philipp},
  timestamp = {2012.10.09}
}

@ARTICLE{Zhang2000,
  author = {Raoyang Zhang and Xiaoyi He and Shiyi Chen},
  title = {Interface and surface tension in incompressible lattice Boltzmann
	multiphase model},
  journal = {Computer Physics Communications},
  year = {2000},
  volume = {129},
  pages = {121 - 130},
  file = {:LatticeBoltzmann/multiphase/Zhang_2000.pdf:PDF},
  owner = {philipp},
  timestamp = {2012.09.05}
}

@ARTICLE{Zhao2013,
  author = {Fuzhang Zhao},
  title = {Optimal relaxation collisions for lattice Boltzmann methods},
  journal = {Computers and Mathematics with Applications},
  year = {2013},
  volume = {65},
  pages = {172 - 185},
  file = {:LatticeBoltzmann/basic/Zhao_2013.pdf:PDF},
  owner = {philipp},
  timestamp = {2013.04.18}
}

@ARTICLE{Zheng2008,
  author = {H. W. Zheng and C. Shu and Y. T. Chew and J. H. Sun},
  title = {Three-dimensional lattice Boltzmann interface capturing method for
	incompressible flows},
  journal = {International Journal for Numerical Methods in Fluids},
  year = {2008},
  volume = {56},
  pages = {1653 - 1671},
  file = {:LatticeBoltzmann/multiphase/Zheng_2008.pdf:PDF},
  owner = {philipp},
  timestamp = {2012.09.11}
}

@comment{jabref-meta: selector_publisher:}

@comment{jabref-meta: selector_author:}

@comment{jabref-meta: selector_journal:}

@comment{jabref-meta: selector_keywords:}

